@inproceedings{fadini_computational_2021,
	address = {Xi'an, China},
	title = {Computational design of energy-efficient legged robots: {Optimizing} for size and actuators},
	isbn = {978-1-72819-077-8},
	shorttitle = {Computational design of energy-efficient legged robots},
	url = {https://ieeexplore.ieee.org/document/9560988/},
	doi = {10.1109/ICRA48506.2021.9560988},
	urldate = {2022-06-07},
	booktitle = {2021 {IEEE} {International} {Conference} on {Robotics} and {Automation} ({ICRA})},
	publisher = {IEEE},
	author = {Fadini, G. and Flayols, T. and Del Prete, A. and Mansard, N. and Soueres, P.},
	month = may,
	year = {2021},
	pages = {9898--9904},
	file = {Submitted Version:/home/laniakea/Zotero/storage/GZYX53MB/Fadini et al. - 2021 - Computational design of energy-efficient legged ro.pdf:application/pdf},
}
